<record><leader>00000cas a22000007a 4500</leader><controlfield tag="001">27353611</controlfield><controlfield tag="008">930201d18431844maudn ne      0    0eng d</controlfield><datafield ind1=" " ind2=" " tag="010"><subfield code="a">sn 93058730 </subfield></datafield><datafield ind1=" " ind2=" " tag="040"><subfield code="a">MGN</subfield><subfield code="b">eng</subfield><subfield code="c">MGN</subfield><subfield code="d">OCLCQ</subfield></datafield><datafield ind1=" " ind2=" " tag="042"><subfield code="a">msc</subfield></datafield><datafield ind1="0" ind2=" " tag="130"><subfield code="a">Daily telegraph (Nantucket, Mass.)</subfield></datafield><datafield ind1="1" ind2="0" tag="245"><subfield code="a">Daily telegraph.</subfield></datafield><datafield ind1=" " ind2=" " tag="260"><subfield code="a">Nantucket, Mass. :</subfield><subfield code="b">[A.B. Robinson]</subfield></datafield><datafield ind1=" " ind2=" " tag="300"><subfield code="a">v.</subfield></datafield><datafield ind1=" " ind2=" " tag="310"><subfield code="a">Daily (except Sun.)</subfield></datafield><datafield ind1="0" ind2=" " tag="362"><subfield code="a">Vol. 1, no. 77 (Nov. 13, 1843)-v. 1, no. 135 (Jan. 20, 1844).</subfield></datafield><datafield ind1=" " ind2=" " tag="500"><subfield code="a">"Truth and justice to all men."</subfield></datafield><datafield ind1=" " ind2=" " tag="500"><subfield code="a">Publishers: A.B. Robinson, Thos. Cross, and W. Bradford, &lt;Jan. 17, 1844-&gt;</subfield></datafield><datafield ind1=" " ind2=" " tag="515"><subfield code="a">Suspended Jan. 20, 1844 while awaiting paper supply.</subfield></datafield><datafield ind1=" " ind2=" " tag="752"><subfield code="a">United States</subfield><subfield code="b">Massachusetts</subfield><subfield code="c">Nantucket</subfield><subfield code="d">Nantucket.</subfield></datafield><datafield ind1="0" ind2="0" tag="780"><subfield code="t">Telegraph (Nantucket, Mass.)</subfield><subfield code="w">(DLC)sn 93058729</subfield></datafield><datafield ind1="0" ind2="0" tag="785"><subfield code="t">Morning telegraph (Nantucket, Mass.)</subfield><subfield code="w">(DLC)sn 83020594</subfield></datafield></record>